<?xml version="1.0" encoding="utf-8"?>
<record xmlns="http://www.loc.gov/MARC21/slim" xmlns:xsi="http://www.w3.org/2001/XMLSchema-instance" xsi:schemaLocation="http://www.loc.gov/MARC21/slim http://www.loc.gov/standards/marcxml/schema/MARC21slim.xsd">
	<leader>     nam a22        4500</leader>
	<controlfield tag="001">463454</controlfield>
	<controlfield tag="003">NjP</controlfield>
	<controlfield tag="006">m        d        </controlfield>
	<controlfield tag="007">cr cn |||m|||a</controlfield>
	<controlfield tag="008">161222s191u    ua a    o     000 0 ara d</controlfield>
	<datafield ind1=" " ind2=" " tag="040">
		<subfield code="a">NNU</subfield>
		<subfield code="b">eng</subfield>
		<subfield code="e">rda</subfield>
		<subfield code="c">NNU</subfield>
	</datafield>
	<datafield ind1=" " ind2="4" tag="050">
		<subfield code="a">BF1714.A6</subfield>
		<subfield code="b">A236</subfield>
	</datafield>
	<datafield ind1="0" ind2=" " tag="100">
		<subfield code="6">880-01</subfield>
		<subfield code="a">Abū Maʻshar,</subfield>
		<subfield code="d">-886.</subfield>
	</datafield>
	<datafield ind1="1" ind2="0" tag="240">
		<subfield code="6">880-02</subfield>
		<subfield code="a">Muḥaqqiq al-mudaqqiq al-Yūnānī al-faylasūf al-shahīr bi-Abī Maʻshar al-Falakī al-kabīr bi-al-tamām wa-al-kamāl</subfield>
	</datafield>
	<datafield ind1="1" ind2="0" tag="245">
		<subfield code="6">880-03</subfield>
		<subfield code="a">Hādhā kitāb al-muḥaqqiq al-mudaqqiq al-Yūnānī al-faylasūf al-shahīr bi-Abī Maʻshar al-Falakī al-kabīr bi-al-tamām wa-al-kamāl.</subfield>
	</datafield>
	<datafield ind1="3" ind2=" " tag="246">
		<subfield code="6">880-04</subfield>
		<subfield code="a">Muḥaqqiq al-mudaqqiq al-Yūnānī al-faylasūf al-shahīr bi-Abī Maʻshar al-Falakī al-kabīr bi-al-tamām wa-al-kamāl</subfield>
	</datafield>
	<datafield ind1=" " ind2=" " tag="260">
		<subfield code="6">880-05</subfield>
		<subfield code="a">Miṣr :</subfield>
		<subfield code="b">al-Maṭbaʻah al-ʻUthmānīyah al-Miṣrīyah,</subfield>
		<subfield code="c">[191-]</subfield>
	</datafield>
	<datafield ind1=" " ind2=" " tag="300">
		<subfield code="a">online resource (100 pages) :</subfield>
		<subfield code="b">illustrations</subfield>
	</datafield>
	<datafield ind1=" " ind2=" " tag="336">
		<subfield code="a">text</subfield>
		<subfield code="2">rdacontent</subfield>
	</datafield>
	<datafield ind1=" " ind2=" " tag="337">
		<subfield code="a">computer</subfield>
		<subfield code="2">rdamedia</subfield>
	</datafield>
	<datafield ind1=" " ind2=" " tag="338">
		<subfield code="a">online resource</subfield>
		<subfield code="2">rdacarrier</subfield>
	</datafield>
	<datafield ind1=" " ind2=" " tag="500">
		<subfield code="a">Part of the Arabic Collections Online (ACO) project, contributed by Princeton University Libraries.</subfield>
	</datafield>
	<datafield ind1=" " ind2=" " tag="533">
		<subfield code="a">Electronic reproduction.</subfield>
		<subfield code="b">New York, N.Y. :</subfield>
		<subfield code="c">New York University,</subfield>
		<subfield code="d">2016.</subfield>
		<subfield code="5">NNU</subfield>
	</datafield>
	<datafield ind1=" " ind2="0" tag="650">
		<subfield code="a">Astrology, Arab.</subfield>
	</datafield>
	<datafield ind1=" " ind2="7" tag="650">
		<subfield code="a">Astrology, Arab.</subfield>
		<subfield code="2">fast</subfield>
		<subfield code="0">(OCoLC)fst00819451</subfield>
	</datafield>
	<datafield ind1="2" ind2=" " tag="710">
		<subfield code="a">Princeton University.</subfield>
		<subfield code="b">Library.</subfield>
	</datafield>
	<datafield ind1="0" ind2=" " tag="730">
		<subfield code="a">Arabic Collections Online.</subfield>
	</datafield>
	<datafield ind1="0" ind2="8" tag="776">
		<subfield code="i">Online version:</subfield>
		<subfield code="a">Abū Maʻshar, -886.</subfield>
		<subfield code="s">Muḥaqqiq al-mudaqqiq al-Yūnānī al-faylasūf al-shahīr bi-Abī Maʻshar al-Falakī al-kabīr bi-al-tamām wa-al-kamāl.</subfield>
		<subfield code="t">Hādhā kitāb al-muḥaqqiq al-mudaqqiq al-Yūnānī al-faylasūf al-shahīr bi-Abī Maʻshar al-Falakī al-kabīr bi-al-tamām wa-al-kamāl.</subfield>
		<subfield code="d">Miṣr : al-Maṭbaʻah al-ʻUthmānīyah al-Miṣrīyah [191-]</subfield>
		<subfield code="w">(OCoLC)656939673</subfield>
	</datafield>
	<datafield ind1="0" ind2="8" tag="776">
		<subfield code="i">Print version:</subfield>
		<subfield code="a">Abū Maʻshar, -886.</subfield>
		<subfield code="t">Hādhā kitāb al-muḥaqqiq al-mudaqqiq al-Yūnānī al-faylasūf al-shahīr bi-Abī Maʻshar al-Falakī al-kabīr bi-al-tamām wa-al-kamāl</subfield>
		<subfield code="w">(NjP)463454</subfield>
		<subfield code="w">(OCoLC)25725324</subfield>
	</datafield>
	<datafield ind1="4" ind2="0" tag="856">
		<subfield code="u">http://hdl.handle.net/2333.1/gxd258j7</subfield>
	</datafield>
	<datafield ind1="0" ind2=" " tag="880">
		<subfield code="6">100-01</subfield>
		<subfield code="a">ابو معشر،</subfield>
		<subfield code="d">-886.</subfield>
	</datafield>
	<datafield ind1="1" ind2="0" tag="880">
		<subfield code="6">240-02</subfield>
		<subfield code="a">محقق المدقق اليوناني الفيلسوف الشهير ببي معشر الفلكي الكبير بالتمام والكمال</subfield>
	</datafield>
	<datafield ind1="1" ind2="0" tag="880">
		<subfield code="6">245-03</subfield>
		<subfield code="a">هذا كتاب المحقق المدقق اليوناني الفيلسوف الشهير ببي معشر الفلكي الكبير بالتمام والكمال.</subfield>
	</datafield>
	<datafield ind1="3" ind2=" " tag="880">
		<subfield code="6">246-04</subfield>
		<subfield code="a">محقق المدقق اليوناني الفيلسوف الشهير ببي معشر الفلكي الكبير بالتمام والكمال</subfield>
	</datafield>
	<datafield ind1=" " ind2=" " tag="880">
		<subfield code="6">260-05</subfield>
		<subfield code="a">مصر :</subfield>
		<subfield code="b">المطبعة العثمانية المصرية،</subfield>
		<subfield code="c">[191]</subfield>
	</datafield>
	<datafield ind1=" " ind2=" " tag="959">
		<subfield code="a">NNU</subfield>
		<subfield code="b">WEB</subfield>
		<subfield code="c">GENI</subfield>
		<subfield code="t">0</subfield>
		<subfield code="m">Electronic access</subfield>
		<subfield code="s">01</subfield>
	</datafield>
	<datafield ind1=" " ind2=" " tag="999">
		<subfield code="i">NjP_463454</subfield>
		<subfield code="o">(OCoLC)ocm25725324</subfield>
		<subfield code="s">princeton_aco000600</subfield>
		<subfield code="e">(ERROR-880)(ERROR-MISC)</subfield>
		<subfield code="s">princeton_aco000600</subfield>
	</datafield>
</record>
